@inproceedings{Maymounkov:2002:KPI:646334.687801,
 author = {Maymounkov, Petar and Mazi\`{e}res, David},
 title = {Kademlia: A Peer-to-Peer Information System Based on the XOR Metric},
 booktitle = {Revised Papers from the First International Workshop on Peer-to-Peer Systems},
 series = {IPTPS '01},
 year = {2002},
 isbn = {3-540-44179-4},
 pages = {53--65},
 numpages = {13},
 url = {http://dl.acm.org/citation.cfm?id=646334.687801},
 acmid = {687801},
 publisher = {Springer-Verlag},
 address = {London, UK, UK},
} 


@article{Pecori:2016:SKA:2884080.2884249,
 author = {Pecori, Riccardo},
 title = {S-Kademlia},
 journal = {Comput. Netw.},
 issue_date = {January 2016},
 volume = {94},
 number = {C},
 month = jan,
 year = {2016},
 issn = {1389-1286},
 pages = {205--218},
 numpages = {14},
 url = {https://doi.org/10.1016/j.comnet.2015.11.010},
 doi = {10.1016/j.comnet.2015.11.010},
 acmid = {2884249},
 publisher = {Elsevier North-Holland, Inc.},
 address = {New York, NY, USA},
 keywords = {Incorrect routing, Kademlia, Peer-to-peer, Storage and retrieval attacks, Sybil attack, Trust and reputation},
} 

@inproceedings{Freedman:2004:DCP:1251175.1251193,
 author = {Freedman, Michael J. and Freudenthal, Eric and Mazi\`{e}res, David},
 title = {Democratizing Content Publication with Coral},
 booktitle = {Proceedings of the 1st Conference on Symposium on Networked Systems Design and Implementation - Volume 1},
 series = {NSDI'04},
 year = {2004},
 location = {San Francisco, California},
 pages = {18--18},
 numpages = {1},
 url = {http://dl.acm.org/citation.cfm?id=1251175.1251193},
 acmid = {1251193},
 publisher = {USENIX Association},
 address = {Berkeley, CA, USA},
} 

@inproceedings{Pouwelse:2005:BPF:2138958.2138984,
 author = {Pouwelse, Johan and Garbacki, Pawe\l and Epema, Dick and Sips, Henk},
 title = {The Bittorrent P2P File-sharing System: Measurements and Analysis},
 booktitle = {Proceedings of the 4th International Conference on Peer-to-Peer Systems},
 series = {IPTPS'05},
 year = {2005},
 isbn = {3-540-29068-0, 978-3-540-29068-1},
 location = {Ithaca, NY},
 pages = {205--216},
 numpages = {12},
 url = {http://dx.doi.org/10.1007/11558989_19},
 doi = {10.1007/11558989_19},
 acmid = {2138984},
 publisher = {Springer-Verlag},
 address = {Berlin, Heidelberg},
} 

@misc{libp2p,
  title = {libp2p: A modular network stack},
  howpublished = {\url{https://libp2p.io/}}
}

@misc{ipld,
  title = {IPLD: A data model for interoperable protocols},
  howpublished = {\url{https://ipld.io/}}
}

@article{DBLP:journals/corr/Benet14,
  author    = {Juan Benet},
  title     = {{IPFS} - Content Addressed, Versioned, {P2P} File System},
  journal   = {CoRR},
  volume    = {abs/1407.3561},
  year      = {2014},
  url       = {http://arxiv.org/abs/1407.3561},
  archivePrefix = {arXiv},
  eprint    = {1407.3561},
  timestamp = {Mon, 13 Aug 2018 16:47:09 +0200},
  biburl    = {https://dblp.org/rec/bib/journals/corr/Benet14},
  bibsource = {dblp computer science bibliography, https://dblp.org}
}

@phdthesis{Mazieres:2000:SFS:934196,
 author = {Mazieres, David},
 title = {Self-certifying File System},
 year = {2000},
 note = {AAI0802720},
 publisher = {Massachusetts Institute of Technology},
 address = {Cambridge, MA, USA},
} 
